% Theory on optimal control/ differential games
@book{Coddington1955,
author = {Coddington, Earl A and Levinson, Norman},
publisher = {Tata McGraw-Hill},
title = {{Theory of ordinary differential equations}},
year = {1955}
}


% Reachability Applications
@article{Akametalu2014,
author = {Akametalu, Anayo K. and Fisac, Jaime F. and Gillula, Jeremy H. and Kaynama, Shahab and Zeilinger, Melaine N. and Tomlin, Claire J.},
journal = {Proceedings of 53rd IEEE Conference on Decision and Control},
title = {{Reachability-based safe learning with Gaussian processes}},
year = {2014}
}

@article{Gillula2011a,
author = {Gillula, J. H. and Hoffmann, G. M. and {Haomiao Huang} and Vitus, M. P. and Tomlin, C. J.},
journal = {The International Journal of Robotics Research},
title = {{Applications of hybrid reachability analysis to robotic aerial vehicles}},
year = {2011}
}

@article{Gillula2012,
author = {Gillula, Jeremy H. and Tomlin, Claire J.},
doi = {10.1109/ICRA.2012.6225136},
journal = {IEEE International Conference on Robotics and Automation (ICRA)},
keywords = {Quadrotors,Safe Learning},
title = {{Guaranteed Safe Online Learning via Reachability: tracking a ground target using a quadrotor}},
year = {2012}
}

@article{Chen2015a,
author = {Chen, Mo and Hu, Qie and Mackin, Casey and Fisac, Jaime F and Tomlin, Claire J},
journal = {Proceedings of 54th IEEE Conference on Decision and Control},
title = {{Safe Platooning of Unmanned Aerial Vehicles via Reachability}},
year = {2015}
}

@article{Hoffmann2008,
author = {Hoffmann, Gabriel M. and Tomlin, Claire J.},
journal = {Proceedings of 47th IEEE Conference on Decision and Control},
title = {{Decentralized cooperative collision avoidance for acceleration constrained vehicles}},
year = {2008}
}


@article{Mitchell2005,
  title={A time-dependent Hamilton-Jacobi formulation of reachable sets for continuous dynamic games},
  author={Mitchell, Ian M. and Bayen, Alexandre M. and Tomlin, Claire J.},
  booktitle={IEEE Transactions on Automatic Control},
  year={2005}
}

@inproceedings{Ding2016,
  title={Initial designs for an automatic forced landing system for safer inclusion of small unmanned air vehicles into the national airspace},
  author={Ding, Jerry and Tomlin, Claire J and Hook, Loyd R. and Fuller, Justin},
  booktitle={Proceedings of the 2016 IEEE/AIAA 35th Digital Avionics Systems Conference},
  year={2016}
}


@article{Huang2011,
author = {Huang, Haomiao and Ding, Jerry and Zhang, Wei and Tomlin, Claire J.},
journal = {IEEE International Conference on Robotics and Automation (ICRA)},
title = {{A differential game approach to planning in adversarial scenarios: A case study on capture-the-flag}},
year = {2011}
}

@article{Ding2011a,
author = {Ding, Jerry and Li, Eugene and Huang, Haomiao and Tomlin, Claire J.},
journal = {IEEE International Conference on Robotics and Automation (ICRA)},
title = {{Reachability-based synthesis of feedback policies for motion planning under bounded disturbances}},
year = {2011}
}

% Autonomous systems
@inproceedings{Fitzgerald2005b,
  title={A vision based forced landing site selection system for an autonomous UAV},
  author={Fitzgerald, Daniel and Walker, Rodney and Campbell, Duncan},
  booktitle={Proceedings of the 2005 International Conference on Intelligent Sensors, Sensor Networks and Information Processing Conference},
  year={2005}
}


%Autonomous Cars
@article{Bimbraw2010,
author = {Bimbraw, Keshav},
journal = {Thapar University},
title = {{Autonomous Cars: Past , Present and Future}},
year = {2010}
}

@article{Sadigh2016,
author = {Sadigh, Dorsa and Sastry, Shankar and Seshia, Sanjit A and Dragan, Anca D},
journal = {Robotics: Science and Systems (RSS)},
title = {{Planning for Autonomous Cars that Leverage Effects on Human Actions}},
year = {2016}
}


%Domestic robots
@inproceedings{Wang2011,
  title={Perception for the manipulation of socks},
  author={Wang, Ping Chuan and Miller, Stephen and Fritz, Mario and Darrell, Trevor and Abbeel, Pieter},
  booktitle={IEEE/RSJ International Conference on Intelligent Robots and Systems (IROS)},
  year={2011}
}

@incollection{Van2010,
  title={Gravity-based robotic cloth folding},
  author={Van Den Berg, Jur and Miller, Stephen and Goldberg, Ken and Abbeel, Pieter},
  booktitle={Algorithmic Foundations of Robotics IX},
  year={2010}
}


%Articles on drones
@online{Amazon16,
  author = {{Amazon.com, Inc.}},
  title = {Amazon Prime Air},
  year = 2016,
  url = {http://www.amazon.com/b?node=8037720011}
}

@online{AUVSI16,
  author = {{AUVSI News}},
  title = {UAS Aid in South Carolina Tornado Investigation},
  year = 2016,
  url = {http://www.auvsi.org/blogs/auvsi-news/2016/01/29/tornado}
}

@online{NASA16,
  author = {{National Aeronautics and Space Administration}},
  title = {Challenge is On to Design Sky for All},
  year = 2016,
  url = {http://www.nasa.gov/feature/challenge-is-on-to-design-sky-for-all}
}

@online{BBC16,
  author = {{BBC Technology}},
  title = {Google plans drone delivery service for 2017},
  year = 2016,
  url = {http://www.bbc.com/news/technology-34704868}
}
%%%

@inproceedings{MitchellToolbox,
  title={A toolbox of Hamilton-Jacobi solvers for analysis of nondeterministic continuous and hybrid systems},
  author={Mitchell, Ian M. and Templeton, Jeremy A.},
  booktitle={Proceedings of the 8th International Workshop on Hybrid Systems: Computation and Control},
  year={2005}
}

@book{Osher2003,
author = {Osher, Stanley and Fedkiw, Ronald},
publisher = {Springer Science {\&} Business Media},
title = {{Level set methods and dynamic implicit surfaces}},
year = {2003}
}

@article{Sethian1996,
author = {Sethian, J.},
journal = {Proceedings of the National Academy of Sciences of the United States of America},
title = {{A fast marching level set method for monotonically advancing fronts.}},
year = {1996}
}

@article{Chen2016a,
author = {Chen*, Mo and Herbert*, Sylvia and Tomlin, Claire J.},
journal = {Proceedings of 55th IEEE Conference on Decision and Control (CDC)},
title = {{Fast Reachable Set Approximations via State Decoupling Disturbances}},
year = {2016}
}

@article{Chen2017,
author = {Chen, Mo and Herbert, Sylvia and Tomlin, Claire J.},
eprint = {1609.05248},
journal = {IEEE International Conference on Robotics and Automation (ICRA)},
title = {{Exact and Efficient Hamilton-Jacobi-based Guaranteed Safety Analysis via System Decomposition}},
year = {2017}
}

@article{Kaynama2009,
author = {Kaynama, S. and Oishi, M.},
journal = {Proceedings of 48thIEEE Conference on Decision and Control (CDC)},
title = {{Schur-based decomposition for reachability analysis of linear time-invariant systems}},
year = {2009}
}

@article{Kaynama2011,
author = {Kaynama, Shahab and Oishi, Meeko},
journal = {International Journal of Control},
title = {{Complexity reduction through a Schur-based decomposition for reachability analysis of linear time-invariant systems}},
year = {2011}
}

@article{Mitchell2003,
  title={Overapproximating reachable sets by Hamilton-Jacobi projections},
  author={Mitchell, Ian M and Tomlin, Claire J},
  journal={Journal of Scientific Computing},
  year={2003}
}

@inproceedings{Mitchell2011,
  title={Scalable calculation of reach sets and tubes for nonlinear systems with terminal integrators: a mixed implicit explicit formulation},
  author={Mitchell, Ian M.},
  booktitle={Proceedings of the 14th ACM  International Conference on Hybrid Systems: Computation and Control},
  year={2011}
}

@article{Kaynama2013,
author = {Kaynama, Shahab and Oishi, Meeko},
journal = {IEEE Transactions on Automatic Control},
title = {{A modified riccati transformation for decentralized computation of the viability kernel under LTI dynamics}},
year = {2013}
}

@article{Kurzhanski2000,
  title={Ellipsoidal techniques for reachability analysis: internal approximation},
  author={Kurzhanski, Alexander B. and Varaiya, Pravin},
  booktitle={Systems \& Control letters},
  year={2000}
}

@inproceedings{Frehse2011,
  title={SpaceEx: Scalable verification of hybrid systems},
  author={Frehse, Goran and Le Guernic, Colas and Donz{\'e}, Alexandre and Cotton, Scott and Ray, Rajarshi and Lebeltel, Olivier and Ripado, Rodolfo and Girard, Antoine and Dang, Thao and Maler, Oded},
  booktitle={International Conference on Computer Aided Verification},
  year={2011}
}

@InProceedings{Greenstreet1998,
author="Greenstreet, Mark R.
and Mitchell, Ian",
title="Integrating projections",
booktitle="Hybrid Systems: Computation and Control",
year="1998"
}

@book{Aubin2011,
author = {Aubin, Jean-Pierre and Bayen, Alexandre and Saint-Pierre, Patrick},
publisher = {Springer},
title = {{Viability Theory: New Directions}},
year = {2011}
}

@article{Barron1989,
author = {Barron, E.N. and Ishii, H.},
journal = {Nonlinear Analysis: Theory, Methods {\&} Applications},
title = {{The Bellman equation for minimizing the maximum cost}},
year = {1989}
}

@article{Barron1990,
author = {Barron, E.N.},
journal = {Nonlinear analysis: Theory, methods {\&} applications},
title = {{Differential Games with Maximum Cost}},
year = {1990}
}


@article{Falcone1994,
  title={Discrete time high-order schemes for viscosity solutions of Hamilton-Jacobi-Bellman equations},
  author={Falcone, Marizio and Ferretti, Roberto},
  journal={Numerische Mathematik},
  year={1994},
  publisher={Springer}
}


@incollection{Bardi1999,
  title={Numerical methods for pursuit-evasion games via viscosity solutions},
  author={Bardi, Martino and Falcone, Maurizio and Soravia, Pierpaolo},
  booktitle={Stochastic and differential games},
  year={1999},
  publisher={Springer}
}

@article{Alla2015,
  title={An efficient policy iteration algorithm for dynamic programming equations},
  author={Alla, Alessandro and Falcone, Maurizio and Kalise, Dante},
  journal={SIAM Journal on Scientific Computing},
  year={2015},
  publisher={SIAM}
}


# Learning-base Control

@article{Mnih2015a,
journal = {Nature},
publisher = {Nature Publishing Group},
title = {{Human-level control through deep reinforcement learning}},
year = {2015}
}

@article{Schulman2015,
author = {Schulman, John and Levine, Sergey and Jordan, Michael and Abbeel, Pieter},
journal = {International Conference on Machine Learning (ICML)},
title = {{Trust Region Policy Optimization}},
year = {2015}
}


@article{Abbeel2007,
author = {Abbeel, Pieter and Coates, Adam and Quigley, Morgan and Ng, Andrew Y},
journal = {Advances in Neural Information Processing Systems (NIPS)},
title = {{An application of reinforcement learning to aerobatic helicopter flight}},
year = {2007}
}

@article{Coates2008,
author = {Coates, Adam and Abbeel, Pieter and Ng, Andrew Y.},
doi = {10.1145/1390156.1390175},
journal = {International Conference on Machine Learning (ICML)},
title = {{Learning for control from multiple demonstrations}},
year = {2008}
}

@article{Lupashin2010,
author = {Lupashin, Sergei and Sch{\"{o}}llig, Angela and Sherback, Michael and D'Andrea, Raffaello},
journal = {IEEE International Conference on Robotics and Automation (ICRA)},
title = {{A simple learning strategy for high-speed quadrocopter multi-flips}},
year = {2010}
}

@incollection{Hobbs2010,
author = {Hobbs, Alan},
booktitle = {Human factors in aviation},
publisher = {Elsevier},
title = {{Unmanned aircraft systems}},
year = {2010}
}

@article{Kolter2010,
author = {Kolter, J Zico and Plagemann, Christian and Jackson, David T and Ng, Andrew Y and Thrun, Sebastian},
journal = {IEEE International Conference on Robotics and Automation (ICRA)},
title = {{A probabilistic approach to mixed open-loop and closed-loop control, with application to extreme autonomous driving}},
year = {2010}
}

@article{Christiano2016,
archivePrefix = {arXiv},
arxivId = {1610.03518},
author = {Christiano, Paul and Shah, Zain and Mordatch, Igor and Schneider, Jonas and Blackwell, Trevor and Tobin, Joshua and Abbeel, Pieter and Zaremba, Wojciech},
eprint = {1610.03518},
title = {{Transfer from Simulation to Real World through Learning Deep Inverse Dynamics Model}},
year = {2016}
}

@article{Huang2017,
archivePrefix = {arXiv},
arxivId = {1702.02284},
author = {Huang, Sandy and Papernot, Nicolas and Goodfellow, Ian and Duan, Yan and Abbeel, Pieter},
eprint = {1702.02284},
journal = {arXiv preprint},
title = {{Adversarial Attacks on Neural Network Policies}},
year = {2017}
}

#Safe Learning
@article{Perkins2003,
author = {Perkins, TJ J and Barto, AG G},
journal = {The Journal of Machine Learning Research},
title = {{Lyapunov design for safe reinforcement learning}},
year = {2003}
}

@article{Roberts2011,
author = {Roberts, John W. and Manchester, Ian R. and Tedrake, Russ},
journal = {Symposium on Adaptive Dynamic Programming and Reinforcement Learning},
title = {{Feedback controller parameterizations for Reinforcement Learning}},
year = {2011}
}

@article{Geibel2005,
author = {Geibel, P. and Wysotzki, F.},
journal = {Journal of Artificial Intelligence Research},
title = {{Risk-sensitive reinforcement learning applied to control under constraints}},
year = {2005}
}

@article{Garcia2015,
author = {Garcia, Eloy and Casbeer, David W and Pham, Khanh and Pachter, Meir},
journal = {AIAA Guidance, Navigation, and Control Conference},
title = {{Cooperative Aircraft Defense from an Attacking Missile using Proportional Navigation}},
year = {2015}
}

@article{Moldovan2012,
author = {Moldovan, TM M and Abbeel, P},
journal = {International Conference on Machine Learning (ICML)},
title = {{Safe exploration in Markov decision processes}},
year = {2012}
}


@article{Turchetta2016,
author = {Turchetta, Matteo and Berkenkamp, Felix and Krause, Andreas},
journal = {Advances in Neural Information Processing Systems (NIPS)},
title = {{Safe Exploration in Finite Markov Decision Processes with Gaussian Processes}},
year = {2016}
}

@article{Aswani2013,
author = {Aswani, Anil and Gonzalez, Humberto and Sastry, S. Shankar and Tomlin, Claire},
journal = {Automatica},
title = {{Provably safe and robust learning-based model predictive control}},
year = {2013}
}

@article{Prajna2004a,
author = {Prajna, Stephen and Jadbabaie, Ali},
journal = {Hybrid Systems: Computation and Control},
title = {{Safety verification of hybrid systems using barrier certificates}},
year = {2004}
}

@article{Sloth2012,
author = {Sloth, Christoffer and Pappas, George J. and Wisniewski, Rafael},
journal = {International Conference on Hybrid Systems: Computation and Control},
title = {{Compositional safety analysis using barrier certificates}},
year = {2012}
}

@article{Ames2014,
author = {Ames, Aaron and Grizzle, Jw and Tabuada, Paulo},
journal = {Proceedings of 53rd IEEE Conference on Decision and Control (CDC)},
title = {{Control Barrier Function based Quadratic Programs with Application to Adaptive Cruise Control}},
year = {2014}
}

@article{Berkenkamp2016,
author = {Berkenkamp, Felix and Moriconi, Riccardo and Schoellig, Angela P. and Krause, Andreas},
journal = {Proceedings of 55th IEEE Conference on Decision and Control (CDC)},
title = {{Safe learning of regions of attraction for uncertain, nonlinear systems with Gaussian processes}},
year = {2016}
}

@article{Gillula2012a,
author = {Gillula, JH H and Tomlin, CJ J},
journal = {Robotics: Science and Systems},
title = {{Reducing Conservativeness in Safety Guarantees by Learning Disturbances Online: Iterated Guaranteed Safe Online Learning.}},
year = {2012}
}

@article{Kolter2009,
author = {Kolter, JZ Z and Ng, AY Y},
journal = {Robotics: Science and Systemsystems},
title = {{Policy search via the signed derivative.}},
year = {2009}
}

@article{Shu1988,
author = {Shu, Chi-Wang and Osher, Stanley},
journal = {Journal of Computational Physics},
publisher = {Elsevier},
title = {{Efficient implementation of essentially non-oscillatory shock-capturing schemes}},
year = {1988}
}

@article{Kearns2002,
  title={Near-optimal reinforcement learning in polynomial time},
  author={Kearns, Michael and Singh, Satinder},
  journal={Machine learning},
  year={2002}
}

@article{Jenkins2000,
  title={Hypersonics before the shuttle: A concise history of the X-15 research airplane},
  author={Jenkins, Dennis R},
  year={2000}
}

@article{Dydek2010,
  title={Adaptive control and the NASA X-15-3 flight revisited},
  author={Dydek, Zachary T and Annaswamy, Anuradha M and Lavretsky, Eugene},
  journal={IEEE Control Systems},
  year={2010}
}

@inproceedings{Sutton2000,
  title={Policy gradient methods for reinforcement learning with function approximation},
  author={Sutton, Richard S and McAllester, David A and Singh, Satinder P and Mansour, Yishay},
  booktitle={Advances in neural information processing systems},
  year={2000}
}

@inproceedings{Mnih2016,
  title={Asynchronous methods for deep reinforcement learning},
  author={Mnih, Volodymyr and Badia, Adria Puigdomenech and Mirza, Mehdi and Graves, Alex and Lillicrap, Timothy and Harley, Tim and Silver, David and Kavukcuoglu, Koray},
  booktitle={International Conference on Machine Learning},
  year={2016}
}

@book{Rummery1994,
  title={On-line Q-learning using connectionist systems},
  author={Rummery, Gavin A and Niranjan, Mahesan},
  year={1994},
  publisher={University of Cambridge, Department of Engineering}
}

@misc{Falcone2014,
  title={A high-order semi-Lagrangian/finite volume scheme for Hamilton-Jacobi-Bellman-Isaacs equations},
  author={Falcone, Maurizio and Kalise, Dante},
  year={2014},
  publisher={Springer}
}

@book{Bardi2008,
  title={Optimal control and viscosity solutions of Hamilton-Jacobi-Bellman equations},
  author={Bardi, Martino and Capuzzo-Dolcetta, Italo},
  year={2008},
  publisher={Springer Science \& Business Media}
}

@book{Russell2003,
  title={Artificial intelligence: a modern approach},
  author={Russell, Stuart Jonathan and Norvig, Peter and Canny, John F and Malik, Jitendra M and Edwards, Douglas D},
  year={2003},
  publisher={Prentice hall Upper Saddle River}
}

@book{Howard1964,
  title={Dynamic programming and Markov processes},
  author={Howard, Ronald A},
  year={1964},
  publisher={Wiley for The Massachusetts Institute of Technology}
}

@article{Kalaba1959,
  title={On nonlinear differential equations, the maximum operation, and monotone convergence},
  author={Kalaba, Robert},
  journal={Journal of Mathematics and Mechanics},
  year={1959},
  publisher={JSTOR}
}

@article{Puterman1979,
  title={On the convergence of policy iteration in stationary dynamic programming},
  author={Puterman, Martin L and Brumelle, Shelby L},
  journal={Mathematics of Operations Research},
  year={1979},
  publisher={INFORMS}
}

@article{Bokanowski2009,
  title={Some convergence results for Howard's algorithm},
  author={Bokanowski, Olivier and Maroso, Stefania and Zidani, Hasnaa},
  journal={SIAM Journal on Numerical Analysis},
  year={2009}
}

@article{Chow1991,
  title={An optimal one-way multigrid algorithm for discrete-time stochastic control},
  author={Chow, C and Tsitsiklis, John N},
  journal={IEEE Transactions on Automatic Control},
  year={1991}
}

@article{Evans1984,
author = {Evans, L. C. and Souganidis, P. E.},
journal = {Indiana University mathematics journal},
publisher = {Indiana University},
title = {{Differential games and representation formulas for solutions of Hamilton-Jacobi-Isaacs equations}},
year = {1984}
}

@inproceedings{Akametalu2015,
  title={Temporal-difference learning for online reachability analysis},
  author={Akametalu, Anayo K and Tomlin, Claire J},
  booktitle={2015 European Control Conference (ECC)},
  year={2015},
  organization={IEEE}
}

@inproceedings{Djeridane2006,
  title={Neural approximation of PDE solutions: An application to reachability computations},
  author={Djeridane, Badis and Lygeros, John},
  booktitle={45th IEEE Conference on Decision and Control},
  year={2006}
}
%%%% include these in thesis
@inproceedings{Allen2014,
  title={A machine learning approach for real-time reachability analysis},
  author={Allen, Ross E and Clark, Ashley A and Starek, Joseph A and Pavone, Marco},
  booktitle={IEEE/RSJ International Conference on Intelligent Robots and Systems (IROS)},
  year={2014}
}

@article{Royo2016,
  title={Recursive regression with neural networks: Approximating the HJI PDE solution},
  author={Royo, Vicen{\c{c}} Rubies and Tomlin, Claire},
  journal={arXiv preprint arXiv:1611.02739},
  year={2016}
}

@article{Sutton1988,
  title={Learning to predict by the methods of temporal differences},
  author={Sutton, Richard S},
  journal={Machine learning},
  year={1988},
  publisher={Springer}
}

@book{Bertsekas1995,
  title={Dynamic programming and optimal control},
  author={Bertsekas, Dimitri P and Bertsekas, Dimitri P and Bertsekas, Dimitri P and Bertsekas, Dimitri P},
  year={1995},
  publisher={Athena scientific Belmont, MA}
}

@article{Watkins1992,
  title={Q-learning},
  author={Watkins, Christopher JCH and Dayan, Peter},
  journal={Machine learning},
  year={1992},
  publisher={Springer}
}

@inproceedings{Konda2000,
  title={Actor-critic algorithms},
  author={Konda, Vijay R and Tsitsiklis, John N},
  booktitle={Advances in neural information processing systems},
  year={2000}
}

@inproceedings{Fisac2015,
  title={Reach-avoid problems with time-varying dynamics, targets and constraints},
  author={Fisac, Jaime F and Chen, Mo and Tomlin, Claire J and Sastry, S Shankar},
  booktitle={Proceedings of the 18th International Conference on Hybrid Systems: Computation and Control},
  year={2015},
  organization={ACM}
}